<record><leader>00000cas a22000007a 4500</leader><controlfield tag="001">33193363</controlfield><controlfield tag="008">950923d19241947okuwr n       0    0eng d</controlfield><datafield ind1=" " ind2=" " tag="010"><subfield code="a">sn 95076150 </subfield></datafield><datafield ind1=" " ind2=" " tag="040"><subfield code="a">OBN</subfield><subfield code="b">eng</subfield><subfield code="c">OBN</subfield><subfield code="d">OCL</subfield><subfield code="d">OCLCQ</subfield><subfield code="d">OCLCO</subfield></datafield><datafield ind1="1" ind2=" " tag="029"><subfield code="a">AU@</subfield><subfield code="b">000022805465</subfield></datafield><datafield ind1=" " ind2=" " tag="042"><subfield code="a">msc</subfield></datafield><datafield ind1=" " ind2=" " tag="043"><subfield code="a">n-us-ok</subfield></datafield><datafield ind1="0" ind2="0" tag="245"><subfield code="a">Davenport dispatch.</subfield></datafield><datafield ind1="3" ind2=" " tag="246"><subfield code="a">Chandler news-publicist</subfield></datafield><datafield ind1=" " ind2=" " tag="260"><subfield code="a">Davenport, Lincoln County, Okla. :</subfield><subfield code="b">O.D. Groom</subfield></datafield><datafield ind1=" " ind2=" " tag="300"><subfield code="a">v.</subfield></datafield><datafield ind1=" " ind2=" " tag="310"><subfield code="a">Weekly</subfield></datafield><datafield ind1="0" ind2=" " tag="362"><subfield code="a">-v. 22, no. 36 (Jan. 16, 1947).</subfield></datafield><datafield ind1="1" ind2=" " tag="362"><subfield code="a">Began in 1924.</subfield></datafield><datafield ind1=" " ind2=" " tag="588"><subfield code="a">Description based on: Vol. 7, no. 19 (Oct. 22, 1931).</subfield></datafield><datafield ind1=" " ind2="0" tag="651"><subfield code="a">Davenport (Okla.)</subfield><subfield code="v">Newspapers.</subfield></datafield><datafield ind1=" " ind2="0" tag="651"><subfield code="a">Lincoln County (Okla.)</subfield><subfield code="v">Newspapers.</subfield></datafield><datafield ind1=" " ind2=" " tag="752"><subfield code="a">United States</subfield><subfield code="b">Oklahoma</subfield><subfield code="c">Lincoln</subfield><subfield code="d">Davenport.</subfield></datafield><datafield ind1="0" ind2="4" tag="785"><subfield code="t">Chandler news-publicist (Chandler, Okla. : 1909)</subfield><subfield code="w">(DLC)sn 95076146</subfield><subfield code="w">(OCoLC)33193338</subfield></datafield></record>